@misc{BigDataRep09,
title={Architectures and Technology for Extreme Scale Computing},
author={Department of Energy Scientific Grand Challenges Workshop Series},
series={San Diego CA},
year={2009},
}

@techreport{Knupp-Salari-2000,
    author    = "P. Knupp and K. Salari ",
    title     = "Code Verification by the Method of Manufactured Solutions",
    institution = "Sandia National Laboratory",
    type     = "Unlimited Release", 
    number   = "SAND20001444",
    year      = "2000"
}


@article{Rossmanith-Seal-2011,
title = "A positivity-preserving high-order semi-Lagrangian discontinuous Galerkin scheme for the Vlasov–Poisson equations ",
journal = "Journal of Computational Physics ",
volume = "230",
number = "16",
pages = "6203 - 6232",
year = "2011",
note = "",
issn = "0021-9991",
doi = "http://dx.doi.org/10.1016/j.jcp.2011.04.018",
url = "http://www.sciencedirect.com/science/article/pii/S0021999111002579",
author = "James A. Rossmanith and David C. Seal",
keywords = "Discontinuous Galerkin",
keywords = "Semi-Lagrangian",
keywords = "Vlasov–Poisson",
keywords = "Plasma physics",
keywords = "High-order schemes",
keywords = "Positivity-preserving limiters "
}



@techreport{Walters-1987,
    author    = "W. Walters",
    title     = "Use of the {C}hebyshev-{L}egendre quadrature set in discrete-ordinate codes",
    institution = "Los Alamos National Laboratory",
    number   = "LA-UR-87-3621",
    year      = "1987"
}

@book{Saad-2003,
author = {Yousef Saad},
title = {Iterative Methods for Sparse Linear Systems},
publisher = {Society for Industrial and Applied Mathematics},
year = {2003},
doi = {10.1137/1.9780898718003},
address = {Philadelphia, PA},
edition   = {Second},
URL = {http://epubs.siam.org/doi/abs/10.1137/1.9780898718003},
eprint = {http://epubs.siam.org/doi/pdf/10.1137/1.9780898718003}
}

@article{Roache-2002,
title = {Code Verification by the Method of Manufactured Solutions},
author = {Roache, P. J.},
journal =  {J. Fluids Eng.},
year = 	{2002},
pages = {4-10}
}

@article{Garrett-Hauck-2014,
title = {A comparison of moment closures for kinetic transport equations: the line source benchmark},
author = {C. Kristopher Garrett and Cory Hauck},
journal =  {Transport Theory and Statistical Physics},
year = 	{(to appear)}
}

@article{Olbrant-Hauck-Frank-2012,
  title={A realizability-preserving discontinuous {G}alerkin method for the {M}1 model of radiative transfer},
  author={Olbrant, E. and Hauck, C.D. and Frank, M.},
  journal={Journal of Computational Physics},
  year={2012},
  publisher={Academic Press}
}

@article{frank2012perturbed,
  title={Perturbed, entropy-based closure for radiative transfer},
  author={Frank, Martin and Hauck, Cory D and Olbrant, Edgar},
  journal={Kinetic and Related Models},
  year={2012},
  pages = {557--587},
  volume = 6
}


@inproceedings{Lasserre-2007,
  title={Semidefinite programming for gradient and Hessian computation in maximum entropy estimation},
  author={Lasserre, Jean B},
  booktitle={Decision and Control, 2007 46th IEEE Conference on},
  pages={3060--3064},
  year={2007},
  organization={IEEE}
}


@article{Rasch-Yu-2004,
author = {Rasch, J. and Yu, A.},
title = {Efficient Storage Scheme for Precalculated {W}igner 3j, 6j and {G}aunt Coefficients},
journal = {SIAM Journal on Scientific Computing},
volume = {25},
number = {4},
pages = {1416-1428},
year = {2004},
doi = {10.1137/S1064827503422932},

URL = {http://epubs.siam.org/doi/abs/10.1137/S1064827503422932},
eprint = {http://epubs.siam.org/doi/pdf/10.1137/S1064827503422932}
}


@article{Lyness-1983,
author = {Lyness, J.},
title = {When Not to Use an Automatic Quadrature Routine},
journal = {SIAM Review},
volume = {25},
number = {1},
pages = {63-87},
year = {1983},
doi = {10.1137/1025003},

URL = {http://epubs.siam.org/doi/abs/10.1137/1025003},
eprint = {http://epubs.siam.org/doi/pdf/10.1137/1025003}
}


@article{Homeier-Steinborn-1996,
title = "Some properties of the coupling coefficients of real spherical harmonics and their relation to Gaunt coefficients ",
journal = "Journal of Molecular Structure: {THEOCHEM} ",
volume = "368",
number = "0",
pages = "31 - 37",
year = "1996",
note = "Proceedings of the Second Electronic Computational Chemistry Conference ",
issn = "0166-1280",
doi = "http://dx.doi.org/10.1016/S0166-1280(96)90531-X",
url = "http://www.sciencedirect.com/science/article/pii/S016612809690531X",
author = "Herbert H.H. Homeier and E.Otto Steinborn",
keywords = "Ab initio program",
keywords = "Basis function",
keywords = "Coupling coefficient",
keywords = "Gaunt coefficient",
keywords = "Selection rule",
keywords = "Symmetry relation "
}

@book{Davis-Rabinowitz-1984,
title = {Methods of Numerical Integration},
author = {P.J. Davis and P. Rabinowitz},
publisher = {Academic Press}, 
year = {1984},
edition = {Second},
address = {Orlando}
}

@book{Stroud-1971,
  title = {Approximate calculation of multiple integrals},
  author = {A. Stroud},
  publisher = {Prentice-Hall}, 
  year = {1971},
  address = {New Jersey}
}

@article{Karlin-Shapley-1952,
  title={Geometry and Moment Spaces},
  author={Karlin, Samuel and Shapley, Lloyd S},
  year={1952},
  publisher={RAND Corporation}
}

@book{Toro-2009,
title = {Riemann Solvers and Numerical Methods for Fluid Dynamics: A Practical
Introduction },
author = {Eleuterio F. Toro},
publisher = {Springer},
address = {New York},
year = {2009}
}

@book{Shohat-Tamarkin-1943,
title = {The Problem of Moments},
author = {James Alexander Shohat and Jacob David Tamarkin},
publisher = {American Mathematical Society},
address = {New York},
year = {1943}
}

@ARTICLE{Borwein-Lewis-1991,
  author = {J. M. Borwein and A. S. Lewis},
  year = 1991,
  title = {Duality Relationships for Entropy-Like Minimization Problems},
  journal = {SIAM J. Control Optim.},
  volume = 1,
  pages = {191-205}
}

@ARTICLE{Mead-Papanicolaou-1984,
   author = {{Mead}, L.~R. and {Papanicolaou}, N.},
    title = "{Maximum entropy in the problem of moments}",
  journal = {Journal of Mathematical Physics},
     year = 1984,
    month = aug,
   volume = 25,
    pages = {2404-2417},
      doi = {10.1063/1.526446},
   adsurl = {http://adsabs.harvard.edu/abs/1984JMP....25.2404M},
  adsnote = {Provided by the SAO/NASA Astrophysics Data System}
}



@article{VanLeer-1977,

title = "Towards the ultimate conservative difference scheme. IV. A new approach
to numerical convection",

journal = "Journal of Computational Physics",

volume = "23",

number = "3",

pages = "276 - 299",

year = "1977",

note = "",

issn = "0021-9991",

doi = "DOI: 10.1016/0021-9991(77)90095-X",

url = "http://www.sciencedirect.com/science/article/pii/002199917790095X",

author = "Bram Van Leer"

}

@article{Nessyahu-Tadmor-1990,

title = "Non-oscillatory central differencing for hyperbolic conservation
laws",

journal = "Journal of Computational Physics",

volume = "87",

number = "2",

pages = "408 - 463",

year = "1990",

note = "",

issn = "0021-9991",

doi = "DOI: 10.1016/0021-9991(90)90260-8",

url = "http://www.sciencedirect.com/science/article/pii/0021999190902608",

author = "Haim Nessyahu and Eitan Tadmor"

}


@article{Passalacqua-Fox-2011,

title = "Advanced continuum modelling of gas-particle flows beyond the
hydrodynamic limit",

journal = "Applied Mathematical Modelling",

volume = "35",

number = "4",

pages = "1616 - 1627",

year = "2011",

note = "",

issn = "0307-904X",
doi = "DOI: 10.1016/j.apm.2010.09.038",

url = "http://www.sciencedirect.com/science/article/pii/S0307904X10003732",

author = "A. Passalacqua and R.O. Fox",

keywords = "Gas-particle flow",

keywords = "Kinetic theory of granular flow",

keywords = "Quadrature-based moment methods",

keywords = "Computational fluid dynamics",

keywords = "Multiphase flow"

}

@article{Olson-2009,
author = {Gordon L. Olson}, 
journal = JCP,
title = {Second-order time evolution of ${P_N}$ equations for radiation
transport},
number = {8},
pages = {3072--3083},
volume = {228},
year = {2009},
month = {May},
date-added = {2009-07-07 08:28:49 -0500},
date-modified = {2009-07-07 08:28:49 -0500},
doi = {10.1016/j.jcp.2009.01.012},
pii = {S0021999109000278},
rating = {0}
}


@ARTICLE{Curto-Fialkow-1991,
   author = {Ra\'ul E. Curto and Lawrence A. Fialkow},
    title = "{Recursiveness, positivity and truncated moment problems}",
  journal = {Houston Journal of Mathematics},
     year = 1991,
   volume = 4,
    pages = {603-635}
}


@ARTICLE{Osher-1985,
   author = {{Osher}, S.},
    title = "{Convergence of Generalized MUSCL Schemes}",
  journal = {SIAM Journal on Numerical Analysis},
     year = 1985,
    month = oct,
   volume = 22,
    pages = {947-961},
      doi = {10.1137/0722057}
}


@article{Gottlieb-Shu-Tadmor-2001,
     jstor_articletype = {research-article},
     title = {Strong Stability-Preserving High-Order Time Discretization
Methods},
     author = {Gottlieb, Sigal and Shu, Chi-Wang and Tadmor, Eitan},
     journal = {SIAM Review},
     jstor_issuetitle = {},
     volume = {43},
     number = {1},
     jstor_formatteddate = {Mar., 2001},
     pages = {89-112},
     url = {http://www.jstor.org/stable/3649684},
     ISSN = {00361445},
     language = {English},
     year = {2001},
     publisher = {Society for Industrial and Applied Mathematics},
     copyright = {Copyright © 2001 Society for Industrial and Applied
Mathematics},
    }
@ARTICLE{Strang-1968,
   author = {{Strang}, G.},
    title = "{On the Construction and Comparison of Difference Schemes}",
  journal = {SIAM Journal on Numerical Analysis},
     year = 1968,
    month = sep,
   volume = 5,
    pages = {506-517},
      doi = {10.1137/0705041},
   adsurl = {http://adsabs.harvard.edu/abs/1968SJNA....5..506S},
  adsnote = {Provided by the SAO/NASA Astrophysics Data System}
}


@misc{Frank-2010,
author = "M. Frank",
year = {2010}, 
howpublished = "Private communication",
}

@article{Coulombell-Goudon-2006,
author =  {Jean-Francois Coulombel and Thierry Goudon},
title = {Entropy-Based Moment Closure For Kinetic Equations: Riemann
Problem And Invariant Regions},
journal = {Journal of Hyperbolic Differential Equations},
year = {2006},
volume = {6},
pages = {649--671},
}

@ARTICLE{Huang-1996,
   author = {{Huang}, W.},
    title = "{Heuristic solutions to polynomial moment problems with some convex
entropic objectives}",
  journal = {Numerical Algorithms},
     year = 1996,
    month = sep,
   volume = 12,
    pages = {297-308},
      doi = {10.1007/BF02142809}
}

@article{Hauck-McClarren-2010,
title = "Robust and accurate filtered spherical harmonics expansions for
radiative transfer",
journal = "Journal of Computational Physics",
volume = "229",
number = "16",
pages = "5597 - 5614",
year = "2010",
note = "",
issn = "0021-9991",
doi = "DOI: 10.1016/j.jcp.2010.03.043",
url = "http://www.sciencedirect.com/science/article/pii/S0021999110001622",
author = "Ryan G. McClarren and Cory D. Hauck",
keywords = "Radiative transfer",
keywords = "Spherical harmonics method"
}


@ARTICLE{Alldredge-Hauck-OLeary-Tits-2014,
title = "Adaptive change of basis in entropy-based moment closures for linear kinetic equations ",
journal = "Journal of Computational Physics ",
volume = "258",
number = "0",
pages = "489 - 508",
year = "2014",
note = "",
issn = "0021-9991",
doi = "http://dx.doi.org/10.1016/j.jcp.2013.10.049",
url = "http://www.sciencedirect.com/science/article/pii/S0021999113007250",
author = "Graham W. Alldredge and Cory D. Hauck and Dianne P. O'Leary and Andr\'e L. Tits",
keywords = "Convex optimization",
keywords = "Realizability",
keywords = "Kinetic theory",
keywords = "Transport",
keywords = "Entropy-based closures",
keywords = "Moment equations "
}


@ARTICLE{Hauck-2011,
   author = {C. D. Hauck},
    title = {High-Order Entropy-Based Closures for Linear Transport in Slab
Geometry },
  journal = {Comm. Math. Sci.},
     year = 2011,
   volume = 9,
    pages = {187-205}
}

@ARTICLE{Dreyer_Hermann_Kunik_2004,
   author = {{Dreyer}, W. and {Herrmann}, M. and {Kunik}, M.},
    title = "{Kinetic solutions of the {B}oltzmann-{P}eierls equation and its
moment systems}",
  journal = {Continuum Mechanics and Thermodynamics},
     year = 2004,
   volume = 16,
    pages = {453-469},
      doi = {10.1007/s00161-003-0171-z},
   adsurl = {http://adsabs.harvard.edu/abs/2004CMT....16..453D},
  adsnote = {Provided by the SAO/NASA Astrophysics Data System}
}


@ARTICLE{Abramov-2009,
   author = {{Abramov}, R.~V.},
    title = "{The multidimensional moment-constrained maximum entropy problem: A
BFGS algorithm with constraint scaling}",
  journal = {Journal of Computational Physics},
     year = 2009,
    month = jan,
   volume = 228,
    pages = {96-108},
      doi = {10.1016/j.jcp.2008.08.020},
   adsurl = {http://adsabs.harvard.edu/abs/2009JCoPh.228...96A},
  adsnote = {Provided by the SAO/NASA Astrophysics Data System}
}



@ARTICLE{Abramov-2009-2,
   author = {R. Abramov},
    title = {The multidimensional maximum entropy moment problem: {A} review on
numerical methods},
  journal = {Communications in Mathematical Sciences},
     year = 2009,
   volume = 8,
    pages = {377-392}
}


@article{Struchtrup-2000,
 author = {Struchtrup, Henning},
 title = {Kinetic schemes and boundary conditions for moment equations},
 journal = {Z. Angew. Math. Phys.},
 volume = {51},
 number = {3},
 year = {2000},
 issn = {0044-2275},
 pages = {346--365},
 doi = {http://dx.doi.org/10.1007/s000330050002},
 publisher = {Birkhauser Verlag},
 address = {Basel, Switzerland, Switzerland},
 }



@article{Groth-MacDonald-2009,
    author = {Groth, Clinton and McDonald, James},
    doi = {10.1007/s00161-009-0125-1},
    journal = {Continuum Mechanics and Thermodynamics},
    title = {Towards physically realizable and hyperbolic moment closures for
kinetic theory},
    url = {http://dx.doi.org/10.1007/s00161-009-0125-1},
    year = {2009},
    volume = 21,
    number = 6,
    pages = {467-493}
}

@BOOK{arken-weber-1995,
  author = {G. B. Arfken and Hans J. Weber},
  year = 1995,
  title = {Mathematical Methods for Physicists},
  edition = {4th},
  publisher = {Academic Press},
  address = {San Diego}
}

@BOOK{Gottlieb-Gottlieb-Hesthaven-2007,
  author = {D. Gottlieb and S. Gottlieb and J. Hesthaven},
  year = 2007,
  title = {Spectral Methods for Time-Dependent Problems},
  publisher = {Cambridge University Press},
  address = {New York}
}

@TechReport{ganapol-1999,
  author =       {B. D. Ganapol},
  title =        {Homogeneous Infinite Media Time-Dependent Analytic
                  Benchmarks for {X-TM} Transport Methods Development},
  institution =  {Los Alamos National Laboratory},
  year =         {1999},
  month =     {March}
}


@PhdThesis{BrunnerThesis,
  author =       {Thomas A. Brunner},
  title =        {Riemann Solvers for Time-Dependent Transport Based on the
Maximum Entropy and Spherical Harmonics Closures},
  school =       {University of Michigan},
  year =         {2000}
}

@TechReport{Brunner-2002,
  author = 	 {Thomas A. Brunner},
  title = 	 {Forms of approximate radiation transport},
  institution =  {Sandia National Laboratories},
  year = 	 {2002},
  number = 	 {SAND2002-1778}
}

@BOOK{Markovich-Ringhofer-Schmeiser-1998,
  author = {P. A. Markowich and C. A. Ringhofer and C. Schmeiser},
  year = 1990,
  title = {{S}emiconductor {E}quations},
  publisher = {Springer-Verlag},
  address = {New York}
}

@article{Larsen-1992,
  author = {E.W. Larsen},
  title =  {The Asymptotic Diffusion Limit of Discretized Transport Problems},
  journal = {Nucl. Sci. Eng.},
  year = {1992},
  volume = {112},
  pages = {336-346}
}


@article{Junk-Romano-2004,
  author = {M. Junk and V. Romano},
  title = {Maximum entropy moment systems of the semiconductor
Boltzmann equation using Kane's dispersion relation},
  year = {2004},
  pages = {247--267},
  journal = {Continuum Mechanics and Thermodynamics},
  volume = {17}
}

@book{Anile-Allegretto-Ringhofer-1998,
  author = {A.M. Anile and W. Allegretto and C. Ringhofer},
  year = {2003},
  title = {Mathematical Problems in Semiconductor Physics},
  series = {Lecture Notes in Mathematics},
  volume = 1823,
  note = {Lectures given at the C.I.M.E. Summer School held in Cetraro, Italy
         on July 15-22, 1998.},
  publisher = {Springer-Verlag},
  address = {Berlin}
}

@book{Cercignani-1988,
  author = {C. Cercignani},
  year = {1988},
  title = {The {B}oltzmann Equation and its Applications},
  series = {Applied Mathematical Sciences},
  volume = 67,
  publisher = {Springer-Verlag},
  address = {New York}
}

@book{Guo-1998,
  author = {B. Guo},
  year = {1998},
  title = {Spectral Methods and Their Applications},
  publisher = {World Scientific},
  address = {Singapore}
}

@book{Mihalas-Mihalas-1999,
  author = {B. Mihalas and D. Mihalas},
  year = {1999},
  title = {Foundations of Radiation Hydrodynamics},
  series = {Dover Books on Physics},
  publisher = {Dover Publications},
  address = {New York}
}

@article{Brunner-Holloway-2001,
title = "One-dimensional {R}iemann solvers and the maximum entropy closure",
journal = "J. Quant Spect. and Radiative Trans",
volume = "69",
number = "5",
pages = "543 - 566",
year = "2001",
author = "Thomas A. Brunner and James Paul Holloway"
}

@article{Minerbo-1978,
  author =  {G.~N. Minerbo},
  title =  {Maximum entropy {E}ddington factors},
  journal = {J. Quant. Spectrosc. Radiat. Transfer},
  volume = {20},
  year =  1978,
  pages = {541–-545}
}

@article{Rosa-Mascali-Romano-2009,
author = {Salvatore La Rosa and Giovanni Mascali and Vittorio Romano},
collaboration = {},
title = {Exact Maximum Entropy Closure of the Hydrodynamical Model for {S}i
Semiconductors:
The 8-Moment Case},
publisher = {SIAM},
year = {2009},
journal = {SIAM Journal on Applied Mathematics},
volume = {70},
number = {3},
pages = {710-734},
keywords = {hydrodynamical models for semiconductors; maximum entropy principle; device
simulation},
url = {http://link.aip.org/link/?SMM/70/710/1},
doi = {10.1137/080714282}
}


@article{Dubroca-Klar-2002,
 author = {Dubroca, B. and Klar, A.},
 title = {Half-moment closure for radiative transfer equations},
 journal = {J. Comput. Phys.},
 volume = {180},
 number = {2},
 year = {2002},
 issn = {0021-9991},
 pages = {584--596},
 doi = {http://dx.doi.org/10.1006/jcph.2002.7106},
 publisher = {Academic Press Professional, Inc.},
 address = {San Diego, CA, USA}
 }

@unpublished{Monreal-Frank-2009,
  author = {P. Monreal and M. Frank},
  title = {Higher order minimum entropy approximations in radiative
transfer},
  note = {preprint}
}

@Book{Dautray-Lions-2000,
author = {R. Dautray and J. L. Lions},
title ={Mathematical Analysis And Numerical
Methods For Science And Technology, Volume 6: Evolution Problems II},
publisher = {Spinger-Verlag},
year = {2000},
address = {Berlin}
}

@BOOK{Pomraning-1973,
  author = {G. C. Pomraning},
  year = 1973,
  title = {The Equations of Radiation Hydrodynamics},
  publisher = {Pergamon Press},
  address = {New York}
}

@BOOK{Lewis-Miller-1984,
  author = {E. E. Lewis and W. F. Miller{, Jr}},
  year = 1984,
  title = {Computational Methods of Neutron Transport},
  publisher = {John Wiley and Sons},
  address = {New York}
}



@BOOK{Davison-1957,
  author = {B.~Davison},
  year = 1957,
  title = {Neutron Transport Theory},
  publisher = {Clarendon Press},
  address = {Oxford, England}
}

@BOOK{Case-Zweifel-1967,
  author = {K. Case and P. Zweifel},
  year = 1967,
  title = {Linear Transport Theory},
  publisher = {Addison-Wesley},
  address = {Reading, MA}
}

@article{Wright-Frank-Klar-2009,
  author = {D. Wright and M. Frank and A. Klar},
  title = {The Minimum Entropy Approximation to the Radiative Transfer
Equation},
  journal = {Proc. Symp. Appl. Math.},
  year = 2009,
  volume = 67,
  pages = {987-996}
}

@book{MacRobert-1948,
author = {T. M. MacRobert},
title = {Spherical Harmonics: An Elementary Treatise on Harmonic Functions with
Applications},
publisher = {Dover Publications, Inc.},
address = {New York},
year = {1973}
}

@article{Perthame-1992,
 author = {Perthame, B.},
 title = {Second-order {B}oltzmann schemes for compressible {E}uler equations in
one and two
space dimensions},
 journal = {SIAM J. Numer. Anal.},
 volume = {29},
 number = {1},
 year = {1992},
 issn = {0036-1429},
 pages = {1--19},
 doi = {http://dx.doi.org/10.1137/0729001},
 publisher = {Society for Industrial and Applied Mathematics},
 address = {Philadelphia, PA, USA},
 }

@inproceedings{Deshpande-1986,
  title = {Kinetic theory based new upwind methods for inviscid compressible flows},
  booktitle = {American Institute of Aeronautics and Astronautics, New York},
  author = {S. M. Deshpande},
  note = {Paper 86-0275},
  year = 1986
}


@article{Harten-Lax-VanLeer-1983,
  title = {On upstream differencing and {G}odunov-type schemes for hyperbolic conservation
laws},
  author = {A. Harten and P. D. Lax and Van Leer},
  journal = {SIAM Rev.},
  volume = {25},
  year = {1983},
  pages = {35-61}
}


@article{Perthame-1990,
 author = {B. Perthame},
 title = {Boltzmann Type Schemes for Gas Dynamics and the Entropy Property},
 journal = {SIAM J. on Numer. Anal.},
 volume = {27},
 number = {6},
 year = {1990},
 pages = {1405--1421}
 }

@article{Frank-Dubroca-Klar-2006,
 author = {Frank, Martin and Dubroca, Bruno and Klar, Axel},
 title = {Partial moment entropy approximation to radiative heat transfer},
 journal = {J. Comput. Phys.},
 volume = {218},
 number = {1},
 year = {2006},
 issn = {0021-9991},
 pages = {1--18},
 doi = {http://dx.doi.org/10.1016/j.jcp.2006.01.038},
 publisher = {Academic Press Professional, Inc.},
 address = {San Diego, CA, USA}
 }


@article{Dubroca-Feugas-1999,
  author =  {B.~Dubroca and J.-L.~Feugeas},
  title =  {{\'E}tude th\'eorique et num\'erique d'une hi\'erarchie de mod\`eles aux
moments pour le transfert radiatif},
  journal = {C.R. Acad. Sci. Paris},
  volume =  {I. 329},
  year = 1999,
  pages =  {915--920}
}


@inproceedings{McKee-Wulf-Landon-1995,
 author = {McKee, Sally A. and Wulf, William A. and Landon, Trevor C.},
 title = {Bounds on Memory Bandwidth in Streamed Computations},
 booktitle = {Euro-Par '95: Proceedings of the First International Euro-Par
Conference on Parallel Processing},
 year = {1995},
 isbn = {3-540-60247-X},
 pages = {83--99},
 publisher = {Springer-Verlag},
 address = {London, UK},
 }

@article{Wulf-McKee-1995,
 author = {Wulf, Wm. A. and McKee, Sally A.},
 title = {Hitting the memory wall: implications of the obvious},
 journal = {SIGARCH Comput. Archit. News},
 volume = {23},
 number = {1},
 year = {1995},
 issn = {0163-5964},
 pages = {20--24},
 doi = {http://doi.acm.org/10.1145/216585.216588},
 publisher = {ACM},
 address = {New York, NY, USA},
 }

@ARTICLE{Levermore-1996,
  author = {C. D. Levermore},
  year = 1996,
  title = {Moment Closure Hierarchies for Kinetic Theory},
  journal = {J. Stat. Phys.},
  volume = 83,
  pages = {1021-1065}
}

@article{Hauck-Levermore-Tits-2008,
 author = {Hauck, Cory D. and Levermore, C. David and Tits, Andr\'{e} L.},
 title = {Convex Duality and Entropy-Based Moment Closures: Characterizing
Degenerate Densities},
 journal = {SIAM J. Control Optim.},
 volume = {47},
 number = {4},
 year = {2008},
 issn = {0363-0129},
 pages = {1977--2015},
 doi = {http://dx.doi.org/10.1137/070691139},
 publisher = {Society for Industrial and Applied Mathematics},
 address = {Philadelphia, PA, USA},
 }

@ARTICLE{Junk-Romano-2005,
   author = {{Junk}, M. and {Romano}, V.},
    title = "{Maximum entropy moment system of the semiconductor Boltzmann
equation using Kane's dispersion relation}",
  journal = {Continuum Mechanics and Thermodynamics},
 keywords = {Maximum entropy moment closure, Semiconductor Boltzmann equation,
Kane{\amp}rsquo, s dispersion relation},
     year = 2005,
    month = jul,
   volume = 17,
    pages = {247-267},
      doi = {10.1007/s00161-004-0201-5},
   adsurl = {http://adsabs.harvard.edu/abs/2005CMT....17..247J},
  adsnote = {Provided by the SAO/NASA Astrophysics Data System}
}

@ARTICLE{Schneider-2004,
  author = {J. Schneider},
  year = 2004,
  title = {Entropic Approximation in Kinetic Theory},
  journal = {Math. Model. Numer. Anal.},
  volume = 38,
  pages = {541-561}
}

@ARTICLE{Junk-2000,
  author = {M. Junk},
  year = 2000,
  title = {Maximum Entropy for Reduced Moment Problems},
  journal = {Math. Models Meth. Appl. Sci.},
  volume = 10,
  number = 7,
  pages = {1001-1025}
}

@ARTICLE{Junk-1998,
  author = {M. Junk},
  year = 1998,
  title = {Domain of Definition of {L}evermore's Five Moment System},
  journal = {J. Stat. Phys.},
  volume = 93,
  number = {5-6},
  pages = {1143-1167}
}
@article{Shu-Osher-1988,
  author = {C.-W. Shu and S. Osher},
  year = {1988},
  title = {Effcient implementation of essentially non-oscillatory shock
capturing schemes},
  journal = {J. Comp. Phys.},
  volume = {77},
  pages = {439--471}
}

@article{Gottlieb-Shu-1998,
 author = {Gottlieb, Sigal and Shu, Chi-Wang},
 title = {Total variation diminishing {R}unge-{K}utta schemes},
 journal = {Math. Comput.},
 volume = {67},
 number = {221},
 year = {1998},
 issn = {0025-5718},
 pages = {73--85},
 doi = {http://dx.doi.org/10.1090/S0025-5718-98-00913-2},
 publisher = {American Mathematical Society},
 address = {Boston, MA, USA},
 }


@Article{Larsen-Pomraning-1993-1,
  author =   {E. W. Larsen and C. G. Pomraning},
  title =    {The ${P_N}$ theory as an asymptotic limit of transport theory in
planar geometry---{I}: Analysis},
  journal =    {Nucl. Sci. Eng},
  year =   {1991},
  volume =   {109},
  pages =    {49--75}
}

@Article{Larsen-Pomraning-1993-2,
  author =   {E. W. Larsen and C. G. Pomraning},
  title =    {The ${P_N}$ theory as an asymptotic limit of transport theory in
planar geometry---{II}: Numerical Results},
  journal =    {Nucl. Sci. Eng.},
  year =   {1991},
  volume =   {109},
  pages =    {76--85}
}

@unpublished{Levermore-2009,
  author = {C. D. Levermore},
  title = {Boundary Conditions for Moment Closures},
  note =  {Presented at Institute for Pure and Applied Mathematics
 University of California, Los Angeles, CA on May 27, 2009}
}


@ARTICLE{Pomraning-1964,
   author = {{Pomraning}, G.~C.},
    title = "{Variational boundary conditions for the spherical harmonics
approximation to the neutron transport equation}",
  journal = {Ann. Phys.},
     year = 1964,
   volume = 27,
    pages = {193-215}
}

@Article{Ganapol-Kelley-Pomraning-1993,
  author = 	 {B. D. Ganapol and C. T. Kelley and G. C. Pomraning},
  title = 	 {Asymptotically Exact Boundary Conditions for the ${P_N}$
Equations},
  journal = 	 {Nucl. Sci. Eng.},
  year = 	 {1993},
  volume = 	 {114},
  number = 	 {1},
  pages = 	 {12--19}
}

@ARTICLE{Lowrie-Morel-2002,
  author = {R. B. Lowrie and J. E. Morel},
  year = 2002,
  title = {Methods for Hyperbolic Systems with Stiff Relaxation},
  journal = {Int. J. Numer. Meth. Fluids},
  volume = 40,
  pages = {413-423}
}

@ARTICLE{Jin-Levermore-1996,
  author = {S. Jin and C. D. Levermore},
  year = 1996,
  title = {Numerical schemes for hyperbolic systems of
conservation laws with stiff diffusive relaxation},
  journal = {J. Comput. Phys.},
  volume = 126,
  pages = {449--467}
}

@misc{exascale-2009,
  title = {International Exascale Software Project Roadmap},
  year = 2009,
  url =
{http://www.exascale.org/mediawiki/images/a/a1/Iesp-roadmap-draft-0.93-complete.
pdf}
}

@BOOK{Cercignani-Illner-Pulvirenti-1994,
  author = {C. Cercignani and R. Illner and M. Pulvirenti},
  year = 1994,
  title = {The Mathematical Theory of Dilute Gases},
  series = {Applied Mathematical Sciences},
  volume = 106,
  publisher = {Springer-Verlag},
  address = {New York}
}






@ARTICLE{Levermore-1998,
  author = {C. D. Levermore},
  year = 1998,
  title = {Moment Closure Hierarchies for the {B}oltzmann-{P}oisson Equation},
  journal = {VLSI Design},
  volume = 6,
  pages = {97-101}
}


@article{Caflisch-Levemore-1986,
   author = "Caflisch, Russel E. and Levermore, C. David",
   title = "Equilibrium for radiation in a homogeneous plasma",
   journal = "Physics of Fluids (1958-1988)",
   year = "1986",
   volume = "29",
   number = "3", 
   pages = "748-752",
   url = "http://scitation.aip.org/content/aip/journal/pof1/29/3/10.1063/1.865928",
   doi = "http://dx.doi.org/10.1063/1.865928" 
}

@inproceedings{Kazhdan-Funkhouser-Rusinkiewicz-2003,
  title={Rotation invariant spherical harmonic representation of 3D shape descriptors},
  author={Kazhdan, Michael and Funkhouser, Thomas and Rusinkiewicz, Szymon},
  booktitle={Proceedings of the 2003 Eurographics/ACM SIGGRAPH symposium on Geometry processing},
  pages={156--164},
  year={2003},
  organization={Eurographics Association}
}


@BOOK{Muller-Ruggeri-1993,
  author = {I. M{\"u}ller and T. Ruggeri},
  year = 1993,
  title = {{R}ational {E}xtended {T}hermodynamics},
  edition = {Second},
  series = {{S}pringer {T}racts in {N}atural {P}hilosophy},
  volume = 37,
  publisher = {Springer-Verlag},
  address = {New York}
}

@ARTICLE{Levermore-Morokoff-Nadiga-1998,
  author = {C. D. Levermore and W. J. Morokoff and B. T. Nadiga},
  month = {December},
  year = 1998,
  title = {Moment Realizability and the Validity of the {N}avier-{S}tokes
          Equations for Rarefied Gas Dynamics},
  journal = {Phys. Fluids},
  volume = 10,
  number = 12,
  pages = {3214-3226}
}

@ARTICLE{Dreyer-1987,
   author = {{Dreyer}, W.},
    title = "{Maximisation of the entropy in non-equilibrium}",
  journal = {Journal of Physics A Mathematical General},
     year = 1987,
    month = dec,
   volume = 20,
    pages = {6505-6517},
      doi = {10.1088/0305-4470/20/18/047},
   adsurl = {http://adsabs.harvard.edu/abs/1987JPhA...20.6505D},
  adsnote = {Provided by the SAO/NASA Astrophysics Data System}
}

@ARTICLE{Degond-Ringhofer-2003,
  author = {P. Degond and C. Ringhofer},
  year = 2003,
  title = {Quantum Moment Hydrodynamics and the Entropy Principle},
  journal = {J. Stat. Phys.},
  volume = 112,
  pages = {587-627}
}

@article{Jungel-Krause-Pietra-2007,
author = {Ansgar J\"{u}ngel and Stefan Krause and Paola Pietra},
collaboration = {},
title = {A Hierarchy of Diffusive Higher-Order Moment Equations for
Semiconductors},
publisher = {SIAM},
year = {2007},
journal = {SIAM Journal on Applied Mathematics},
volume = {68},
number = {1},
pages = {171-198},
keywords = {semiconductor Boltzmann equation; moment method; ChapmanEnskog
expansion; entropy maximization; energy-transport model; higher-order moments},
url = {http://link.aip.org/link/?SMM/68/171/1},
doi = {10.1137/070683313}
}

@ARTICLE{Anile-Muscato-1995,
  author = {A. M. Anile and O. Muscato},
  month = {June},
  year = 1995,
  title = {Improved Hydrodynamical Model for Carrier Transport in
          Semiconductors},
  journal = {Phys. Rev. B},
  volume = 51,
  number = 23,
  pages = {16728-16740}
}

@ARTICLE{Anile-Romano-2000,
  author = {A. M. Anile and V. Romano},
  year = 2000,
  title = {Hydrodynamical Modeling of Charge Carrier Transport in
          Semiconductors},
  journal = {Meccanica},
  volume = 35,
  pages = {249-296},
  publisher = {Springer}
}

@ARTICLE{Anile-Pennisi-1992,
  author = {A. M. Anile and S. Pennisi},
  year = 1992,
  title = {Thermodynamic Derivation of the Hydrodynamical Model for Charge
          Transport in Semiconductors},
  journal = {Phys. Rev. B},
  volume = 46,
  number = 20,
  pages = {187-193}
}

@PHDTHESIS{Hauck-2006,
  author = {C. D. Hauck},
  year = 2006,
  title = {Entropy-Based Moment Closures in Semiconductor Models},
  school = {University of Maryland, College Park}
}

@Article{Hauck-McClarren-2009,
  author = 	 {Cory D. Hauck and Ryan G. McClarren},
  title = 	 {Positive ${P_N}$ Closures},
  journal = 	 {SIAM Journal on Scientific Computing},
  year = {2010},
  volume = 32,
  number = 5,
  pages = {2603-2626}
}



@article{Cernohorsky-Bludman-1994,
title = "Maximum entropy distribution and closure for Bose-Einstein and
{F}ermi-{D}irac
radiation transport",
journal = "Astrophysical Journal",
volume = "433",
number = "1",
pages = "450 - 455",
year = "1994",
author = "J. Cernohorsky and S. A. Bludman"
}




@article{Cernohorsky-vandenHorn-Cooperstein-1989,
title = "Maximum entropy eddington factors in flux-limited neutrino diffusion",
journal = "Journal of Quantitative Spectroscopy and Radiative Transfer",
volume = "42",
number = "6",
pages = "603 - 613",
year = "1989",
note = "",
issn = "0022-4073",
doi = "DOI: 10.1016/0022-4073(89)90054-X",
url =
"http://www.sciencedirect.com/science/article/B6TVR-46D202F-H1/2/a3f4be0680872a8
79f46b407880d4227",
author = "J. Cernohorsky and L. J. van den Horn and J. Cooperstein"
}

@Article{Brunner-Holloway-2005,
  author =       {T. A. Brunner and J. P. Holloway},
  title =        {Two-dimensional time-dependent {R}iemann solvers for
neutron transport},
  journal =      {J. Comp Phys.},
  year =         {2005},
  volume =    {210},
  pages =     {386--399}
}



@ARTICLE{Smit-vanderHor-Bludman-2000,
   author = {{Smit}, J.~M. and {van den Horn}, L.~J. and {Bludman}, S.~A.
	},
    title = "{Closure in flux-limited neutrino diffusion and two-moment
transport}",
  journal = {Astron.  Astrophys.},
     year = 2000,
    month = apr,
   volume = 356,
    pages = {559-569}
}

@techreport{Cernohorsky-Bludman-1994-2,
   author = {J. Cernohorsky and S. A. Bludman},
    title = "Stationary neutrino radiation transport by maximum entropy
closure",
    institution = {Lawrence Berkely National Laboratory},
     year = 1994,
   number = LBL--36135
}





@BOOK{arken-weber-1995,
  author = {G. B. Arfken and Hans J. Weber},
  year = 1995,
  title = {Mathematical Methods for Physicists},
  edition = {4th},
  publisher = {Academic Press},
  address = {San Diego}
}



@article{Junk-Romano-2004,
  author = {M. Junk and V. Romano},
  title = {Maximum entropy moment systems of the semiconductor
Boltzmann equation using Kane's dispersion relation},
  year = {2004},
  pages = {247--267},
  journal = {Continuum Mechanics and Thermodynamics},
  volume = {17}
}





@Book{Dautray-Lions-2000,
author = {R. Dautray and J. L. Lions},
title ={Mathematical Analysis And Numerical
Methods For Science And Technology, Volume 6: Evolution Problems II},
publisher = {Spinger-Verlag},
year = {2000},
address = {Berlin}
}


@Article{Ganapol-Kelley-Pomraning-1993,
  author = 	 {B. D. Ganapol and C. T. Kelley and G. C. Pomraning},
  title = 	 {Asymptotically Exact Boundary Conditions for the ${P_N}$
Equations},
  journal = 	 {Nucl. Sci. Eng.},
  year = 	 {1993},
  volume = 	 {114},
  number = 	 {1},
  pages = 	 {12--19}
}



@incollection {larsen-morel-2010,
   author = {Larsen, Edward W. and Morel, Jim E.},
   title = {Advances in Discrete-Ordinates Methodology},
   booktitle = {Nuclear Computational Science},
   publisher = {Springer Netherlands},
   isbn = {{978-90-481-3411-3}},
   pages = {1-84},
   year = {2010}
}


@unpublished{Frank-Hauck-2010,
  author = {M. Frank and C. D. Hauck},
  year = {2010},
  title = {Perturbations of Entropy-Based Closures},
  note = {in preparation}
}

@INPROCEEDINGS{lasserre, 
author={Lasserre, J.B.}, 
booktitle={Decision and Control, 2007 46th IEEE Conference on},
title={Semidefinite programming for gradient and Hessian computation in maximum
entropy estimation}, 
year={2007}, 
month=dec., 
volume={}, 
number={}, 
pages={3060 -3064}, 
keywords={Hessian computation;computing quadrature formula;convex optimization
problem;density estimation;first-order methods;gradient computation;maximum
entropy estimation;second-order methods;semidefinite programming;convex
programming;estimation theory;maximum entropy methods;optimisation;}, 
doi={10.1109/CDC.2007.4434063}, 
ISSN={0191-2216},}


@book{atkinson,
   author = {Kendall E. Atkinson},
   title= {An Introduction to Numerical Analysis},
   publisher = {John Wiley \& Sons},
   year = {1989},
   address = {New York}
}

@book{krommer,
   author = {Arnold R. Krommer and Christoph W. Ueberhuber},
   title= {Computational Integration},
   publisher = {SIAM},
   year = {1998},
   address = {Philadelphia}
}

@book{leveque,
   author = {R. Leveque},
   title= {Finite volume methods for hyperbolic problems},
   publisher = {Cambridge University Press},
   year = {2002},
   address = {Cambridge, UK}
}

@article{vanLeer-1979,
title = "Towards the ultimate conservative difference scheme. V. A second-order
sequel to Godunov's method",
journal = "Journal of Computational Physics",
volume = "32",
number = "1",
pages = "101 - 136",
year = "1979",
note = "",
issn = "0021-9991",
doi = "DOI: 10.1016/0021-9991(79)90145-1",
url =
"http://www.sciencedirect.com/science/article/B6WHY-4DD1N8T-C5/2/9b051d1cfcff715
a3d0f4b7b7b0397cc",
author = "Bram van Leer"
}

@article{armijo,
author = {L. Armijo},
title = {Minimization of functions having {L}ipschitz continuous first partial
derivatives},
journal = "Pacific J. Math",
volume = 16,
number = 1,
pages = "1--3",
year = {1966},
masid = {1291479}
}

@book{Boyd-Vandenberghe-2004,
author = {S.P.~Boyd and L.Vandenberghe},
title = {Convex Optimization},
year = 2004,
publisher = {Cambridge University Press},
address = {Cambridge, UK}
}

@misc{AHLT11,
  author = {G. W. Alldredge and C. D. Hauck and D. P. O'Leary and A. L. Tits},
  title = {High-Order Entropy-Based Moment Closures:
   A Computational Study of the Optimization Problem},
  howpublished = {Poster at DOE Applied Mathematics Program Meeting},
  address = {Reston, VA, USA},
  year = {2011}
}


@ARTICLE{AHT10,
 author = {G. W. Alldredge and C. D. Hauck and A. L. Tits},
 title = "{High-order entropy-based closures for linear transport in slab
  geometry II:  A computational study of the optimization problem}",
 journal = {SIAM J. Sci. Comput.}, 
volume = {34},
number = {4},
pages = {B361-B391},
  year = {2012}
}

@article{Decarreau-Hilhorst-Lemarichal-Navaza-1992,
author = {Decarreau, A. and Hilhorst, D. and Lemaréchal, C. and Navaza, J.},
title = {Dual Methods in Entropy Maximization.  {A}pplication to Some Problems in
Crystallography},
journal = {SIAM Journal on Optimization},
volume = {2},
number = {2},
pages = {173-197},
year = {1992},
doi = {10.1137/0802010},
URL = {http://epubs.siam.org/doi/abs/10.1137/0802010},
eprint = {http://epubs.siam.org/doi/pdf/10.1137/0802010}
}


@article{Vie-Laurent-Massot-2012,
author = {Aymeric Vi{\'e} and Fr{\'e}d{\'e}rique Laurent and Mar Massot},
title = {Size-velocity correlations in high order moment methods for
polydisperse evaporating sprays: modelling and numerical issues},
journal = "J. Comput. Phys.",
year = {2011},
pages = "1--32"
}

@article{Turek-1988,
  author={I Turek},
  title={A maximum-entropy approach to the density of states within the
recursion method},
  journal={Journal of Physics C: Solid State Physics},
  volume={21},
  number={17},
  pages={3251},
  url={http://stacks.iop.org/0022-3719/21/i=17/a=014},
  year={1988},
  abstract={A simple method for reconstructing the local density of states from
a truncated continued fraction is presented. This method which is based on the
maximum-entropy solution of the problem of moments requires no further
information except for the recursion coefficients. An efficient numerical
procedure is described and the results of the method are illustrated with
several examples.}
}


@Book{abramowitz-stegun-1964,
 author    = "Milton {Abramowitz} and Irene A. {Stegun}",
 title     = "Handbook of Mathematical Functions with
              Formulas, Graphs, and Mathematical Tables",
 publisher = "National Bureau of Standards",
 year      =  1972,
 address   = "Washington, DC",
 edition   = "10\textsuperscript{th}"
}

@article{wheeler-1974,
author = {John C. Wheeler},
title = "Modified moments and {G}aussian quadratures",
journal = {Rocky Mountain Journal of Mathematics},
year = {1974},
volume = {4},
number = {2},
pages = {287-296}
}

@article{Borwein-Huang-1995,
author = {Borwein, J. and Huang, W.},
title = {A Fast Heuristic Method for Polynomial Moment Problems with
{B}oltzmann-–{S}hannon Entropy},
journal = {SIAM Journal on Optimization},
volume = {5},
number = {1},
pages = {68-99},
year = {1995},
doi = {10.1137/0805004},
URL = {http://epubs.siam.org/doi/abs/10.1137/0805004},
eprint = {http://epubs.siam.org/doi/pdf/10.1137/0805004}
}


@article{Bandyopadhyay-Bhattacharya-Biswas-Parthapratim-Drabold-2005,
  title = {Maximum entropy and the problem of moments: A stable algorithm},
  author = {Bandyopadhyay, K. and Bhattacharya, A. K. and Biswas, Parthapratim
and Drabold, D. A.},
  journal = {Phys. Rev. E},
  volume = {71},
  issue = {5},
  pages = {057701},
  numpages = {4},
  year = {2005},
  month = {May},
  doi = {10.1103/PhysRevE.71.057701},
  url = {http://link.aps.org/doi/10.1103/PhysRevE.71.057701},
  publisher = {American Physical Society}
  }
 
 
@book{Nash-Sofer-1996,
author = {Stephen G. Nash and Ariela Sofer},
title = {Linear and Nonlinear Programming},
year = {1996},
publisher = {McGraw-Hill},
address = {New York}
}

@book{Fang-Rajasekera-Tsao-1997,
author = {S.-C Fang and J. R. Rajasekera and H.-S. J. Tsao},
title = "Entropy Optimization and Mathematical Programming",
year = {1997},
publisher = {Kluwer Academic Publishers},
address = {Boston}
}
 
 
@article{Gordon-Bender-Herman-1970,
	Author = {Gordon,R and Bender,R and Herman,GT},
	Date = {1970/12/},
	Date-Added = {2012-07-05 18:16:23 +0000},
	Date-Modified = {2012-07-05 18:18:26 +0000},
	Journal = {Journal of theoretical biology},
	Journal1 = {J Theor Biol},
	Keywords = {Computers; Humans; Methods; Microscopy, Electron; Models,
Structural; Optics and Photonics; Photography; Radiography; Ribosomes},
	Month = {12},
	Number = {3},
	Read = {0},
	Sp = {471-481},
	Title = {Algebraic reconstruction techniques ({ART}) for
three-dimensional
electron microscopy and x-ray photography},
	Ty = {JOUR},
	Url = {http://ukpmc.ac.uk/abstract/MED/5492997},
	Volume = {29},
	Year = {1970},
	Bdsk-Url-1 = {http://ukpmc.ac.uk/abstract/MED/5492997}
	}

	
	
@article{Bregman-1967,
	Author = {Bregman, L. M. },
	Date = {1967///},
	Date-Added = {2012-07-05 18:44:35 +0000},
	Date-Modified = {2012-07-05 18:45:13 +0000},
	Isbn = {0041-5553},
	Journal = {USSR Computational Mathematics and Mathematical Physics},
	M3 = {doi: 10.1016/0041-5553(67)90040-7},
	Number = {3},
	Pages = {200--217},
	Read = {1},
	Title = {The relaxation method of finding the common point of convex
sets and its application to the solution of problems in convex programming},
	Ty = {JOUR},
	Url =
{http://www.sciencedirect.com/science/article/pii/0041555367900407},
	Volume = {7},
	Year = {1967},
	Bdsk-Url-1 =
{http://www.sciencedirect.com/science/article/pii/0041555367900407}}

@book{NW:06,
   author = "J.~Nocedal and S.J.~Wright",
   title = "Numerical Optimization",
   year = 2006,
   edition = "2nd",
   publisher = "Springer",
   address = "New York"
}

@article{lyness,
    author = {Lyness, J. N.},
    journal = {SIAM Review},
    pages = {63--88},
    title = {{When Not to Use an Automatic Quadrature Routine}},
    volume = {25},
    year = {1983}
}


@ARTICLE{Mezzacappa-Messer-1999,
  author = {A. Mezzacappa and O. E. B. Messer},
  year = 1999,
  title = {Neutrino transport in core collapse supernovae},
  journal = {Journal of Computational and Applied Mathematics},
  volume = 109,
  pages = {281-319}
}


@ARTICLE{Evans-2010,
  author = {T. M. Evans, A. S. Stafford, R. N. Slaybaugh, and K. T. Clarno},
  year = 2010,
  month = August,
  title = {Denovo: A New Three-Dimensional Parallel Discrete Ordinates Code in SCALE},
  journal = {Nuclear Technology},
  volume = 171,
  pages = {171-200}
}

@article{Radice-2013,
  title = "A new spherical harmonics scheme for multi-dimensional radiation transport {I:} Static matter configurations ",
  journal = "Journal of Computational Physics ",
  volume = "242",
  number = "0",
  pages = "648 - 669",
  year = "2013",
  note = "",
  issn = "0021-9991",
  doi = "http://dx.doi.org/10.1016/j.jcp.2013.01.048",
  url = "http://www.sciencedirect.com/science/article/pii/S0021999113001125",
  author = "David Radice and Ernazar Abdikamalov and Luciano Rezzolla and Christian D. Ott",
}


@article{frank:2011,
author = {Sch\"{a}fer, M. and Frank, M. and Levermore, C.},
title = {Diffusive Corrections to ${P_N}$ Approximations},
journal = {Multiscale Modeling and Simulation},
volume = {9},
number = {1},
pages = {1-28},
year = {2011},
doi = {10.1137/090764542},
URL = {http://epubs.siam.org/doi/abs/10.1137/090764542},
eprint = {http://epubs.siam.org/doi/pdf/10.1137/090764542}
}


@book{Stein-Weiss-1971,
title = {Introduction to Fourier Analysis on Euclidean Spaces},
author = {Elias M. Stein and Guido Weiss},
publisher = {Princeton University Press}, 
year = {1971},
address = {Princeton, NJ}
}


@book{Boyd-2001,
title = {Chebyshev and Fourier Spectral Methods},
author = {John P. Boyd},
publisher = {Dover Publications, Inc.}, 
year = {2001},
edition = {Second},
address = {Mineola, NY}
}


@article{atkinson-1982,
  title={Numerical integration on the sphere},
  author={Atkinson, Kendall},
  journal={J. Austral. Math. Soc. Ser. B},
  volume={23},
  pages={332--347},
  year={1982}
}

@article{coulombel2005diffusion,
  title={Diffusion approximation and entropy-based moment closure for kinetic equations},
  author={Coulombel, Jean-Fran{\c{c}}ois and Golse, Fran{\c{c}}ois and Goudon, Thierry},
  journal={Asymptotic Analysis},
  volume={45},
  number={1},
  pages={1--39},
  year={2005},
  publisher={IOS Press}
}

@article{goudon2013analysis,
  title={Analysis of the M1 model: Well-posedness and diffusion asymptotics},
  author={Goudon, Thierry and Lin, Chunjin},
  journal={Journal of Mathematical Analysis and Applications},
  volume={402},
  number={2},
  pages={579--593},
  year={2013},
  publisher={Elsevier}
}

@article{dubroca2010angular,
  title={Angular moment model for the Fokker-Planck equation},
  author={Dubroca, B and Feugeas, J-L and Frank, M},
  journal={The European Physical Journal D},
  volume={60},
  number={2},
  pages={301--307},
  year={2010},
  publisher={Springer}
}
